<?xml version='1.0' encoding='UTF-8'?>
<record xmlns="http://www.loc.gov/MARC21/slim">
  <leader>01378cam a2200337   4500</leader>
  <controlfield tag="001">2758757</controlfield>
  <controlfield tag="003">NjP</controlfield>
  <controlfield tag="005">20160920090221.0</controlfield>
  <controlfield tag="008">900716s1971    ir            000 0 arar </controlfield>
  <datafield tag="024" ind1="7" ind2=" ">
    <subfield code="a">princeton_aco003200</subfield>
    <subfield code="2">local</subfield>
  </datafield>
  <datafield ind1=" " ind2=" " tag="010">
    <subfield code="a">   73209099 </subfield>
  </datafield>
  <datafield ind1=" " ind2=" " tag="035">
    <subfield code="a">(OCoLC)ocn178268858</subfield>
  </datafield>
  <datafield ind1=" " ind2=" " tag="035">
    <subfield code="a">(OCoLC)ocm22039793</subfield>
  </datafield>
  <datafield ind1=" " ind2=" " tag="040">
    <subfield code="a">DLC</subfield>
    <subfield code="c">PUL</subfield>
    <subfield code="d">PUL</subfield>
  </datafield>
  <datafield ind1=" " ind2=" " tag="035">
    <subfield code="a">(OCoLC)178268858</subfield>
  </datafield>
  <datafield ind1=" " ind2=" " tag="035">
    <subfield code="9">CNF2867TS</subfield>
  </datafield>
  <datafield ind1=" " ind2=" " tag="035">
    <subfield code="a">(NjP)2758757</subfield>
  </datafield>
  <datafield ind1="0" ind2=" " tag="050">
    <subfield code="a">BP193.14.A2</subfield>
    <subfield code="b">Q72</subfield>
  </datafield>
  <datafield ind1=" " ind2=" " tag="079">
    <subfield code="a">ocm22039793</subfield>
  </datafield>
  <datafield ind1=" " ind2=" " tag="049">
    <subfield code="a">PULL</subfield>
  </datafield>
  <datafield ind1="1" ind2=" " tag="100">
    <subfield code="6">880-01</subfield>
    <subfield code="a">Qurashī, ʻAlī Akbar.</subfield>
  </datafield>
  <datafield ind1="1" ind2="3" tag="245">
    <subfield code="6">880-02</subfield>
    <subfield code="a">al-Muʻjam al-mufahras li-alfāẓ al-Ṣaạhīfah al-kāmilah lil-Imām ʻAlī ibn al-Ḥusayn Zayn al-ʻĀbidīn. Waḍaʻahu: ʻAlī Akbar al-Qurashī.</subfield>
  </datafield>
  <datafield ind1=" " ind2=" " tag="260">
    <subfield code="a">[Qum, Makz-i [i.e. Markaz-i]</subfield>
    <subfield code="b">Maṭbūʻāti-yi Dār al-Tablīgh-i Islāmī,</subfield>
    <subfield code="c">1391 i.e. 1971]</subfield>
  </datafield>
  <datafield ind1=" " ind2=" " tag="300">
    <subfield code="a">8, 823 p.</subfield>
    <subfield code="c">25 cm.</subfield>
  </datafield>
  <datafield ind1="0" ind2="0" tag="630">
    <subfield code="6">880-03</subfield>
    <subfield code="a">Saḥīfah al-kāmilah</subfield>
    <subfield code="v">Concordances.</subfield>
  </datafield>
  <datafield ind1="0" ind2=" " tag="730">
    <subfield code="6">880-04</subfield>
    <subfield code="a">Saḥīfah al-kāmilah.</subfield>
  </datafield>
  <datafield ind1="1" ind2=" " tag="880">
    <subfield code="6">100-01/r</subfield>
    <subfield code="a">قرشي، علي اكبر.</subfield>
  </datafield>
  <datafield ind1="1" ind2="2" tag="880">
    <subfield code="6">245-02/r</subfield>
    <subfield code="a">المعجم المفهرس لالفاظ الصهيفة الكاملة للامام علي بن الحسين زين العابدين. وضعه: علي اكبر القرشي.</subfield>
  </datafield>
  <datafield ind1="0" ind2="0" tag="880">
    <subfield code="6">630-03/r</subfield>
    <subfield code="a">سحيفة الكاملة</subfield>
    <subfield code="v">Concordances.</subfield>
  </datafield>
  <datafield ind1="0" ind2=" " tag="880">
    <subfield code="6">730-04/r</subfield>
    <subfield code="a">سحيفة الكاملة.</subfield>
  </datafield>
  <datafield ind1=" " ind2=" " tag="911">
    <subfield code="a">20000130</subfield>
  </datafield>
  <datafield ind1=" " ind2=" " tag="994">
    <subfield code="a">C0</subfield>
    <subfield code="b">PUL</subfield>
  </datafield>
  <datafield ind1=" " ind2=" " tag="999">
    <subfield code="a">2758757</subfield>
  </datafield>
  <datafield ind1="0" ind2="0" tag="852">
    <subfield code="0">3069523</subfield>
    <subfield code="b">rcppa</subfield>
    <subfield code="t">1</subfield>
    <subfield code="h">BP193.14.A2</subfield>
    <subfield code="i">Q72 1971</subfield>
    <subfield code="x">tr fr nec</subfield>
  </datafield>
  <datafield ind1=" " ind2=" " tag="959">
    <subfield code="a">2009-06-29 13:01:05 -0400</subfield>
  </datafield>
</record>
